@article{chien2020lowcost,
  title={A Low-Cost On-Street Parking Management System Based on Bluetooth Beacons},
  author={Chien, C. F. and Ding, Y. C. and Wei, C. H. and Wei, C. H.},
  journal={Sensors},
  volume={20},
  number={6},
  pages={1701},
  year={2020},
  publisher={MDPI},
  doi={10.3390/s20061701},
  url={https://doi.org/10.3390/s20061701}
}

@misc{webbylab2024smartparking,
  title={Smart Parking System using IoT [How to Create Your Own]},
  author={WebbyLab},
  year={2024},
  url={https://webbylab.com/blog/smart-parking-system-using-iot/},
  note={Accessed: 2025-10-24}
}